@book{TomBadgett2011,
publisher = {John Wiley \& Sons},
isbn = {9781118031964},
year = {2011},
title = {The Art of Software Testing, 3rd Edition},
language = {eng},
author = {Tom Badgett and Glenford J. Myers and Corey Sandler},
keywords = {Core Programming ; Computer Science},
}


@article{Perkel2019,
  title = {Workflow systems turn raw data into scientific knowledge},
  author = {Perkel, Jeffrey M.},
  journal = {Nature},
  volume = {573},
  number = {7772},
  pages = {149-150},
  year = {2019}
}

@article{Adam2019,
  title = "A project-management tool from the tech industry could benefit your lab",
  journal = "Nature",
  volume = "573",
  number = "7772",
  pages = "151-153",
  year = "2019",
  issn = "0028-0836",
  doi = "10.1038/d41586-019-02620-6",
  url = "https://browzine.com/articles/339299797",
  author = "Adam, David",
}
